<record><leader>01010nam a2200241I  4500</leader><controlfield tag="001">000012846</controlfield><controlfield tag="003">MiAaHDL</controlfield><controlfield tag="005">20090408000000.0</controlfield><controlfield tag="006">m        d        </controlfield><controlfield tag="007">cr bn ---auaua</controlfield><controlfield tag="008">910122s1973    ncu      b    00010 eng d</controlfield><datafield tag="020" ind1=" " ind2=" "><subfield code="a">0884389324</subfield></datafield><datafield tag="035" ind1=" " ind2=" "><subfield code="a">sdr-nrlfGLAD134239520-B</subfield></datafield><datafield tag="035" ind1=" " ind2=" "><subfield code="a">sdr-miu.990000128460106381</subfield></datafield><datafield tag="035" ind1=" " ind2=" "><subfield code="a">(OCoLC)837735</subfield></datafield><datafield tag="040" ind1=" " ind2=" "><subfield code="a">NTN</subfield><subfield code="c">NTN</subfield><subfield code="d">OCL</subfield><subfield code="d">m.c.</subfield><subfield code="d">OCL</subfield><subfield code="d">IAY</subfield><subfield code="d">RQK</subfield></datafield><datafield tag="041" ind1="0" ind2=" "><subfield code="a">engspa</subfield></datafield><datafield tag="090" ind1=" " ind2=" "><subfield code="a"> PQ6105</subfield><subfield code="b">.D54</subfield></datafield><datafield tag="100" ind1="1" ind2="0"><subfield code="a">Dietz, Donald Thaddeus.</subfield></datafield><datafield tag="245" ind1="1" ind2="4"><subfield code="a">The auto sacramental and the parable in Spanish Golden Age literature.</subfield></datafield><datafield tag="260" ind1="0" ind2=" "><subfield code="a">Chapel Hill,</subfield><subfield code="b">U.N.C. Department of Romance Languages,</subfield><subfield code="a">[Portland, Or.,</subfield><subfield code="b">Distributed by International Scholarly Book Service],</subfield><subfield code="c">1973.</subfield></datafield><datafield tag="300" ind1=" " ind2=" "><subfield code="a">205 p.</subfield><subfield code="c">24 cm.</subfield></datafield><datafield tag="490" ind1="0" ind2=" "><subfield code="a">North Carolina studies in the Romance languages and literatures,</subfield><subfield code="v">no. 132</subfield></datafield><datafield tag="504" ind1=" " ind2=" "><subfield code="a">Bibliography: p. 194-199.</subfield></datafield><datafield tag="538" ind1=" " ind2=" "><subfield code="a">Mode of access: Internet.</subfield></datafield><datafield tag="650" ind1=" " ind2="0"><subfield code="a">Religious drama, Spanish</subfield><subfield code="x">History and criticism.</subfield></datafield><datafield tag="650" ind1=" " ind2="0"><subfield code="a">Spanish drama</subfield><subfield code="y">Classical period, 1500-1700</subfield><subfield code="x">History and criticism.</subfield></datafield><datafield tag="CID" ind1=" " ind2=" "><subfield code="a">000012846</subfield></datafield><datafield tag="DAT" ind1="0" ind2=" "><subfield code="a">20070614111430.0</subfield><subfield code="b">20090408000000.0</subfield></datafield><datafield tag="DAT" ind1="1" ind2=" "><subfield code="a">20120815205219.0</subfield><subfield code="b">2019-10-31T18:23:56Z</subfield></datafield><datafield tag="CAT" ind1=" " ind2=" "><subfield code="a">SDR-NRLF</subfield><subfield code="d">LOCAL - GLADIS</subfield><subfield code="l">loader.pl-001-001</subfield></datafield><datafield tag="FMT" ind1=" " ind2=" "><subfield code="a">BK</subfield></datafield><datafield tag="HOL" ind1=" " ind2=" "><subfield code="0">sdr-nrlfGLAD134239520-B</subfield><subfield code="a">uc1</subfield><subfield code="b">SDR</subfield><subfield code="c">NRLF</subfield><subfield code="p">uc1.b3593617</subfield><subfield code="s">UC</subfield><subfield code="1">GLAD134239520-B</subfield></datafield><datafield tag="974" ind1=" " ind2=" "><subfield code="b">UC</subfield><subfield code="c">NRLF</subfield><subfield code="d">20191031</subfield><subfield code="s">google</subfield><subfield code="u">uc1.b3593617</subfield><subfield code="y">1973</subfield><subfield code="r">ic</subfield><subfield code="q">bib</subfield><subfield code="t">US bib date1 &gt;= 1927</subfield></datafield><datafield tag="974" ind1=" " ind2=" "><subfield code="b">MIU</subfield><subfield code="c">MIU</subfield><subfield code="d">20220411</subfield><subfield code="s">google</subfield><subfield code="u">mdp.39015012933928</subfield><subfield code="y">1973</subfield><subfield code="r">ic</subfield><subfield code="q">bib</subfield><subfield code="t">US bib date1 &gt;= 1927</subfield></datafield></record>